% Word2Vec
@misc{word2vec,
      title={Efficient Estimation of Word Representations in Vector Space}, 
      author={Tomas Mikolov and Kai Chen and Greg Corrado and Jeffrey Dean},
      year={2013},
      eprint={1301.3781},
      archivePrefix={arXiv},
      primaryClass={cs.CL}
}

% Doc2Vec
@misc{doc2vec,
      title={Distributed Representations of Sentences and Documents}, 
      author={Quoc V. Le and Tomas Mikolov},
      year={2014},
      eprint={1405.4053},
      archivePrefix={arXiv},
      primaryClass={cs.CL}
}

% WMD
@misc{wmd,
      title={Re-evaluating Word Mover's Distance}, 
      author={Ryoma Sato and Makoto Yamada and Hisashi Kashima},
      year={2022},
      eprint={2105.14403},
      archivePrefix={arXiv},
      primaryClass={cs.LG}
}

% BERT
@misc{bert,
      title={BERT: Pre-training of Deep Bidirectional Transformers for Language Understanding}, 
      author={Jacob Devlin and Ming-Wei Chang and Kenton Lee and Kristina Toutanova},
      year={2019},
      eprint={1810.04805},
      archivePrefix={arXiv},
      primaryClass={cs.CL}
}

% NLP Based evalation
@article{p1,
    author = {Rahman, Md and Siddiqui, Fazlul},
    year = {2018},
    month = {12},
    pages = {35-42},
    title = {NLP-based Automatic Answer Script Evaluation},
    volume = {4}
}

@misc{p2,
      title={Distributed Representations of Sentences and Documents}, 
      author={Quoc V. Le and Tomas Mikolov},
      year={2014},
      eprint={1405.4053},
      archivePrefix={arXiv},
      primaryClass={cs.CL}
}

@inproceedings{SciBERT,
  title={SciBERT: Pretrained Language Model for Scientific Text},
  author={Iz Beltagy and Kyle Lo and Arman Cohan},
  year={2019},
  booktitle={EMNLP},
  Eprint={arXiv:1903.10676}
}